@string{lncs   = "LNCS"}
@string{cpp = "Certified Programs and Proofs"}
@string{cav    = "Computer Aided Verification (CAV)"}

@inproceedings{besson-2011,
  title = {A Flexible Proof Format for {SMT}: A Proposal},
  author = {Besson, Fr{\'e}d{\'e}ric and Fontaine, Pascal and Th{\'e}ry, Laurent},
  editor = "Pascal Fontaine and Aaron Stump",
  booktitle = {PxTP 2011},
  year = {2011},
  pages = "15--26",
  MONTH = Aug,
}

@inproceedings{deharbe-2011,
  TITLE = {Quantifier Inference Rules for {SMT} Proofs},
  AUTHOR = {D{\'e}harbe, David and Fontaine, Pascal and Woltzenlogel Paleo, Bruno},
  editor = "Pascal Fontaine and Aaron Stump",
  BOOKTITLE = {PxTP 2011},
  YEAR = {2011},
  pages = "33--39",
  MONTH = Aug,
}

@article{barrett-2015,
  title={Proofs in satisfiability modulo theories},
  author={Barrett, Clark and De Moura, Leonardo and Fontaine, Pascal},
  journal={All about proofs, Proofs for all},
  volume={55},
  number={1},
  pages={23--44},
  year={2015},
  publisher={Citeseer}
}

@article{barbosa-2019,
  title = "Scalable Fine-Grained Proofs for Formula Processing",
  journal = "Journal of Automated Reasoning",
  year = {2019},
  month = jan,
  author = "Barbosa, Haniel
    and Blanchette, Jasmin C.
    and Fleury, Mathias
    and Fontaine, Pascal",
  publisher = "Springer",
  doi       = {10.1007/s10817-018-09502-y}
}

@TECHREPORT{SMTLIB,
  author =   {Clark Barrett and Pascal Fontaine and Cesare Tinelli},
  title =  {{The SMT-LIB Standard: Version 2.6}},
  institution =  {Department of Computer Science, The University of Iowa},
  year =   2017,
  note =   {Available at {\tt www.SMT-LIB.org}}
}

@inproceedings{verit,
  author = {Thomas Bouton
    and Diego C. B. de Oliveira
    and David D{\'{e}}harbe
    and Pascal Fontaine},
  title = {{veriT}: An Open, Trustable and Efficient {SMT}-solver},
  booktitle = "CADE 22",
  pages = {151--156},
  year = {2009},
  editor = {Renate A. Schmidt},
  series = lncs,
  volume = {5663},
  publisher = "Springer Berlin Heidelberg",
  doi = {10.1007/978-3-642-02959-2\_12}
}

@InProceedings{SMTCoq,
  author = "Ekici, Burak
    and Mebsout, Alain
    and Tinelli, Cesare
    and Keller, Chantal
    and Katz, Guy
    and Reynolds, Andrew
    and Barrett, Clark",
  editor = "Majumdar, Rupak
      and Kun{\v{c}}ak, Viktor",
  title = "{SMTC}oq: A Plug-In for Integrating {SMT} Solvers into {C}oq",
  booktitle = "CAV 2017",
  series = lncs,
  volume = {10426},
  year = "2017",
  publisher = "Springer",
  pages = "126--133",
  isbn = "978-3-319-63390-9",
  doi = {10.1007/978-3-319-63390-9\_7}
}

@inproceedings{fleury-2019,
  author    = {Mathias Fleury and
               Hans{-}J{\"{o}}rg Schurr},
  editor    = {Giselle Reis and
               Haniel Barbosa},
  title     = {Reconstructing {veriT} Proofs in {Isabelle/HOL}},
  booktitle = {PxTP 2019},
  series    = {{EPTCS}},
  volume    = {301},
  pages     = {36--50},
  year      = {2019},
  doi       = {10.4204/EPTCS.301.6},
}

@inproceedings{schurr-2021,
  author = {
    Hans-JÃ¶rg Schurr and Mathias Fleury and Martin Desharnais
  },
  title = {Reliable Reconstruction of Fine-Grained Proofs in a Proof Assistant},
  booktitle = "CADE 28",
  year = {2021},
  series = lncs,
}

@inproceedings{Armand2011,
  author    = {Micha{\"e}l Armand and
               Germain Faure and
               Benjamin Gr{\'e}goire and
               Chantal Keller and
               Laurent Th{\'e}ry and
               Benjamin Werner},
  title     = {A~Modular Integration of {SAT}\slash{SMT} Solvers to {Coq} through
               Proof Witnesses},
  booktitle = cpp,
  pages     = {135--150},
  editor    = {Jean-Pierre Jouannaud and
               Zhong Shao},
  publisher = {Springer},
  series    = lncs,
  volume    = {7086},
  year      = {2011},
  doi       = {10.1007/978-3-642-25379-9_12}
}

@incollection{Barrett2018,
  author    = {Clark W. Barrett and
               Cesare Tinelli},
  title     = {Satisfiability Modulo Theories},
  booktitle = {Handbook of Model Checking.},
  pages     = {305--343},
  year      = {2018},
  XXurl       = {https://doi.org/10.1007/978-3-319-10575-8\_11},
  doi       = {10.1007/978-3-319-10575-8\_11},
  timestamp = {Mon, 24 Jun 2019 15:54:17 +0200},
  biburl    = {https://dblp.org/rec/bib/reference/mc/BarrettT18},
  bibsource = {dblp computer science bibliography, https://dblp.org},
  editor    = {Edmund M. Clarke and
               Thomas A. Henzinger and
               Helmut Veith and
               Roderick Bloem},
  publisher = {Springer},
}

@inproceedings{Barrett2011,
author="Barrett, Clark
and Conway, Christopher L.
and Deters, Morgan
and Hadarean, Liana
and Jovanovi{\'{c}}, Dejan
and King, Tim
and Reynolds, Andrew
and Tinelli, Cesare",
editor="Gopalakrishnan, Ganesh
and Qadeer, Shaz",
title={{CVC4}},
booktitle=cav,
year="2011",
publisher="Springer",
pages="171--177",
doi="10.1007/978-3-642-22110-1_14",
XXurl="http://dx.doi.org/10.1007/978-3-642-22110-1_14"
}

@article{Stump2013,
  author    = {Aaron Stump and
               Duckki Oe and
               Andrew Reynolds and
               Liana Hadarean and
               Cesare Tinelli},
  title     = {{SMT} proof checking using a logical framework},
  journal   = {Formal Methods in System Design},
  volume    = {42},
  number    = {1},
  pages     = {91--118},
  year      = {2013},
  XXurl       = {http://dx.doi.org/10.1007/s10703-012-0163-3},
  doi       = {10.1007/s10703-012-0163-3},
  timestamp = {Fri, 11 Jan 2013 11:14:23 +0100},
  biburl    = {http://dblp.uni-trier.de/rec/bib/journals/fmsd/StumpORHT13},
  bibsource = {dblp computer science bibliography, http://dblp.org}
}

@inproceedings{Sutcliffe2004,
  author = {Geoff Sutcliffe and J{\"u}rgen Zimmer and Stephan Schulz},
  title = "{TSTP} Data-Exchange Formats for Automated Theorem Proving Tools",
  editor = "Weixiong Zhang and Volker Sorge",
  booktitle = "Distributed Constraint Problem Solving and Reasoning in Multi-Agent Systems",
  series = "Frontiers in Artificial Intelligence and Applications",
  volume = 112,
  pages = "201--215",
  publisher = "IOS Press",
  year = 2004}

@article{Downey1980,
 author = {Downey, Peter J. and Sethi, Ravi and Tarjan, Robert Endre},
 title = {Variations on the Common Subexpression Problem},
 journal = {J. ACM},
 issue_date = {Oct. 1980},
 volume = {27},
 number = {4},
 month = oct,
 year = {1980},
 issn = {0004-5411},
 pages = {758--771},
 numpages = {14},
 XXurl = {http://doi.acm.org/10.1145/322217.322228},
 doi = {10.1145/322217.322228},
 acmid = {322228},
 publisher = {ACM},
 address = {New York, NY, USA},
}

@article{Nelson1980,
 author = {Nelson, Greg and Oppen, Derek C.},
 title = {{Fast Decision Procedures Based on Congruence Closure}},
 journal = {J. ACM},
 issue_date = {April 1980},
 volume = {27},
 number = {2},
 year = {1980},
 issn = {0004-5411},
 pages = {356--364},
 numpages = {9},
 XXurl = {http://doi.acm.org/10.1145/322186.322198},
 doi = {10.1145/322186.322198},
 acmid = {322198},
 publisher = {ACM},
}
